@inproceedings{koehn2010enabling,
  title={Enabling monolingual translators: Post-editing vs. options},
  author={Koehn, P.},
  booktitle={Human Language Technologies: The 2010 Annual Conference of the North American Chapter of the Association for Computational Linguistics},
  pages={537--545},
  year={2010},
  organization={Association for Computational Linguistics}
}

@inproceedings{huang1990machine,
  title={A Machine Translation system for the target language inexpert},
  author={Huang, X.},
  booktitle={Proceedings of the 13th conference on Computational linguistics-Volume 3},
  pages={364--367},
  year={1990},
  organization={Association for Computational Linguistics}
}

@inproceedings{somers2005round,
  title={Round-trip translation: what is it good for},
  author={Somers, H.},
  booktitle={Proceedings of the Australasian Language Technology Workshop},
  pages={127--133},
  year={2005}
}

@article{douglas2007collaborative,
  title={Collaborative and iterative translation: an alternative approach to back translation},
  author={Douglas, S.P. and Craig, C.S.},
  journal={Journal of International Marketing},
  volume={15},
  number={1},
  pages={30--43},
  year={2007},
  publisher={Am Marketing Assoc}
}

@inproceedings{papineni2002bleu,
  title={BLEU: a method for automatic evaluation of machine translation},
  author={Papineni, K. and Roukos, S. and Ward, T. and Zhu, W.J.},
  booktitle={Proceedings of the 40th annual meeting on association for computational linguistics},
  pages={311--318},
  year={2002},
  organization={Association for Computational Linguistics}
}

@inproceedings{rapp2009back,
  title={The back-translation score: automatic MT evaluation at the sentence level without reference translations},
  author={Rapp, R.},
  booktitle={Proceedings of the ACL-IJCNLP 2009 Conference Short Papers},
  pages={133--136},
  year={2009},
  organization={Association for Computational Linguistics}
}

@article{jiang2012naive,
  title={A Na{\"\i}ve Automatic MT Evaluation Method without Reference Translations},
  author={Jiang, J. and Xu, J. and Lin, Y.},
  journal={Knowledge Engineering and Management},
  pages={499--508},
  year={2012},
  publisher={Springer}
}

@article{boguslavsky2005interactive,
  title={Interactive resolution of intrinsic and translational ambiguity in a machine translation system},
  author={Boguslavsky, I. and Iomdin, L. and Lazursky, A. and Mityushin, L. and Sizov, V. and Kreydlin, L. and Berdichevsky, A.},
  journal={Computational Linguistics and Intelligent Text Processing},
  pages={388--399},
  year={2005},
  publisher={Springer}
}

@article{blanchon2003two,
  title={Two Steps Towards Self-Explaining Documents},
  author={Blanchon, H. and Boitet, C.},
  journal={Convergences-2003, Alexandrie},
  year={2003}
}

@article{boitet1994multilingual,
  title={Multilingual Dialogue-Based MT for monolingual authors: the LIDIA project and a first mockup},
  author={Boitet, C. and Blanchon, H.},
  journal={Machine Translation},
  volume={9},
  number={2},
  pages={99--132},
  year={1994},
  publisher={Springer}
}

@article{church1982coping,
  title={Coping with syntactic ambiguity or how to put the block in the box on the table},
  author={Church, K. and Patil, R.},
  journal={Computational Linguistics},
  volume={8},
  number={3-4},
  pages={139--149},
  year={1982},
  publisher={MIT Press}
}

@inproceedings{mehdad2012match,
  title={Match without a Referee: Evaluating MT Adequacy without Reference Translations},
  author={Mehdad, Y. and Negri, M. and Federico, M.},
  year={2012},
  booktitle={Proceedings of the Seventh Workshop on Statistical Machine Translation},
  pages={171--180},
  publisher={Association for Computational Linguistics}
}

@article{paulslarge,
  title={Large-Scale Syntactic Language Modeling with Treelets},
  author={Pauls, A. and Klein, D.},
  year={2012},
  journal={Association for Computational Linguistics}
}

@inproceedings{bach2011goodness,
  title={Goodness: A method for measuring machine translation confidence},
  author={Bach, N. and Huang, F. and Al-Onaizan, Y.},
  booktitle={Proceedings of the 49th Annual Meeting of the Association for Computational Linguistics: Human Language Technologies},
  volume={1},
  year={2011},
  pages={211--219}
}

@inproceedings{marcu1997rhetorical,
  title={The rhetorical parsing of natural language texts},
  author={Marcu, D.},
  booktitle={Proceedings of the eighth conference on European chapter of the Association for Computational Linguistics},
  pages={96--103},
  year={1997},
  organization={Association for Computational Linguistics}
}

@inproceedings{mehdad2010towards,
  title={Towards cross-lingual textual entailment},
  author={Mehdad, Y. and Negri, M. and Federico, M.},
  booktitle={Human Language Technologies: The 2010 Annual Conference of the North American Chapter of the Association for Computational Linguistics},
  pages={321--324},
  year={2010},
  organization={Association for Computational Linguistics}
}

@article{mehdad2011using,
  title={Using bilingual parallel corpora for cross-lingual textual entailment},
  author={Mehdad, Y. and Negri, M. and Federico, M.},
  journal={Proceedings of ACL-HLT},
  year={2011}
}

@inproceedings{xiong2010error,
  title={Error detection for statistical machine translation using linguistic features},
  author={Xiong, D. and Zhang, M. and Li, H.},
  booktitle={Proceedings of the 48th Annual Meeting of the Association for Computational Linguistics},
  pages={604--611},
  year={2010},
  organization={Association for Computational Linguistics}
}

@inproceedings{simard2003statistical,
  title={Statistical translation alignment with compositionality constraints},
  author={Simard, M. and Langlais, P.},
  booktitle={Proceedings of the HLT-NAACL 2003 Workshop on Building and using parallel texts: data driven machine translation and beyond-Volume 3},
  pages={19--22},
  year={2003},
  organization={Association for Computational Linguistics}
}
