\documentclass{tufte-handout}

%\geometry{showframe}% for debugging purposes -- displays the margins

\usepackage{amsmath}

% Set up the images/graphics package
\usepackage{graphicx}
\setkeys{Gin}{width=\linewidth,totalheight=\textheight,keepaspectratio}
\graphicspath{{graphics/}}

\title{``Finding someone you will like and who won't reject you''
\thanks{Paper by L. Pizzato, T. Rej, K. Yacef, I. Koprinska, and J. Kay
\\University of Sydney, Australia
\\Proceedings of UMAP 2011}}
\author[Marianna Rapoport]{Marianna Rapoport}


\newcommand{\doctitle}{Title of Your Proposal}	% Put your title here

\pagestyle{myheadings}
\markboth{\hfill\doctitle}{\doctitle\hfill}

\bibliographystyle{siam}	% Use SIAM bibliography style

\title{\textbf{\doctitle}\\
CS 644 Project Proposal}


% The following package makes prettier tables.  We're all about the bling!
\usepackage{booktabs}

% The units package provides nice, non-stacked fractions and better spacing
% for units.
\usepackage{units}

% The fancyvrb package lets us customize the formatting of verbatim
% environments.  We use a slightly smaller font.
\usepackage{fancyvrb}
\fvset{fontsize=\normalsize}

% Small sections of multiple columns
\usepackage{multicol}

% Provides paragraphs of dummy text
\usepackage{lipsum}

% These commands are used to pretty-print LaTeX commands
\newcommand{\doccmd}[1]{\texttt{\textbackslash#1}}% command name -- adds backslash automatically
\newcommand{\docopt}[1]{\ensuremath{\langle}\textrm{\textit{#1}}\ensuremath{\rangle}}% optional command argument
\newcommand{\docarg}[1]{\textrm{\textit{#1}}}% (required) command argument
\newenvironment{docspec}{\begin{quote}\noindent}{\end{quote}}% command specification environment
\newcommand{\docenv}[1]{\textsf{#1}}% environment name
\newcommand{\docpkg}[1]{\texttt{#1}}% package name
\newcommand{\doccls}[1]{\texttt{#1}}% document class name
\newcommand{\docclsopt}[1]{\texttt{#1}}% document class option name

\begin{document}
\thispagestyle{empty}
\maketitle% this prints the handout title, author, and date

\begin{abstract}
\noindent 
\end{abstract}

The body of the proposal (1--2 pages) goes here.

\nocite{*}	% causes all the references in the bib file to be included

\end{document}

\begin{fullwidth}
\bibliography{sample}
\end{fullwidth}
\end{document}
